<record><leader>00000cas a2200000 a 4500</leader><controlfield tag="001">28683597</controlfield><controlfield tag="008">930823d18871937caucr ne      0    0eng c</controlfield><datafield ind1=" " ind2=" " tag="010"><subfield code="a">sn 93053350 </subfield></datafield><datafield ind1=" " ind2=" " tag="040"><subfield code="a">CNK</subfield><subfield code="b">eng</subfield><subfield code="c">CNK</subfield><subfield code="d">OCLCQ</subfield><subfield code="d">CNK</subfield><subfield code="d">OCLCQ</subfield><subfield code="d">OCLCF</subfield><subfield code="d">OCLCO</subfield></datafield><datafield ind1="1" ind2=" " tag="029"><subfield code="a">AU@</subfield><subfield code="b">000025906163</subfield></datafield><datafield ind1=" " ind2=" " tag="042"><subfield code="a">pcc</subfield></datafield><datafield ind1=" " ind2=" " tag="043"><subfield code="a">n-us-ca</subfield></datafield><datafield ind1="0" ind2=" " tag="130"><subfield code="a">Yreka journal (Yreka, Calif. : 1887)</subfield></datafield><datafield ind1="1" ind2="0" tag="245"><subfield code="a">Yreka journal.</subfield></datafield><datafield ind1=" " ind2=" " tag="260"><subfield code="a">Yreka, Cal. :</subfield><subfield code="b">Robt. Nixon</subfield></datafield><datafield ind1=" " ind2=" " tag="300"><subfield code="a">v.</subfield></datafield><datafield ind1=" " ind2=" " tag="310"><subfield code="a">Semiweekly,</subfield><subfield code="b">Dec. 21, 1929-Apr. 14, 1937</subfield></datafield><datafield ind1=" " ind2=" " tag="321"><subfield code="a">Weekly,</subfield><subfield code="b">July 20, 1887-Dec. 19, 1929</subfield></datafield><datafield ind1="0" ind2=" " tag="362"><subfield code="a">Vol. 34, no. 4 (July 20, 1887)-v. 84, no. 67 (Apr. 14, 1937).</subfield></datafield><datafield ind1=" " ind2=" " tag="515"><subfield code="a">Numbering is irregular.</subfield></datafield><datafield ind1=" " ind2=" " tag="530"><subfield code="a">Master negatives are available for duplication from:</subfield><subfield code="b">California Newspaper Microfilm Archive;</subfield><subfield code="c">positive copies may be purchased by the reel; for further information consult the CNMA at:</subfield><subfield code="u">http://cbsr.ucr.edu</subfield></datafield><datafield ind1=" " ind2="0" tag="651"><subfield code="a">Yreka (Calif.)</subfield><subfield code="v">Newspapers.</subfield></datafield><datafield ind1=" " ind2="7" tag="655"><subfield code="a">Newspapers.</subfield><subfield code="2">fast</subfield><subfield code="0">(OCoLC)fst01423814</subfield></datafield><datafield ind1=" " ind2="7" tag="651"><subfield code="a">California</subfield><subfield code="z">Yreka.</subfield><subfield code="2">fast</subfield><subfield code="0">(OCoLC)fst01215451</subfield></datafield><datafield ind1=" " ind2=" " tag="752"><subfield code="a">United States</subfield><subfield code="b">California</subfield><subfield code="c">Siskiyou</subfield><subfield code="d">Yreka.</subfield></datafield><datafield ind1="0" ind2="0" tag="780"><subfield code="t">Yreka semi-weekly journal (Yreka, Calif. : 1880)</subfield><subfield code="w">(DLC)sn 93051562</subfield></datafield><datafield ind1="0" ind2="0" tag="785"><subfield code="t">Semi-weekly Yreka journal</subfield><subfield code="w">(DLC)sn 93051563</subfield></datafield></record>